<?xml version="1.0" encoding="UTF-8"?><collection xmlns="http://www.loc.gov/MARC21/slim"><record><leader>00590nam--2200181-i-4500</leader><controlfield tag="001">000045535</controlfield><controlfield tag="002">20161230</controlfield><controlfield tag="005">20161230201045</controlfield><controlfield tag="008">060222s1000------------r-----000-0-eng-d</controlfield><datafield ind1=" " ind2=" " tag="040"><subfield code="a">IFIN-HH</subfield></datafield><datafield ind1=" " ind2=" " tag="080"><subfield code="a">539.14</subfield></datafield><datafield ind1="1" ind2=" " tag="100"><subfield code="a">Tuominiemi, J.K</subfield></datafield><datafield ind1="1" ind2="0" tag="245"><subfield code="a">A phenomenological method for the analysis of three particle reactions with a double peripheral model</subfield><subfield code="c">J.k. tuominiemi</subfield></datafield><datafield ind1=" " ind2=" " tag="260"><subfield code="a">Helsinki</subfield><subfield code="b">Research Institute For Theoretical Physics</subfield><subfield code="c">1968</subfield></datafield><datafield ind1=" " ind2=" " tag="300"><subfield code="a">13P.+12P.FIG</subfield></datafield><datafield ind1=" " ind2=" " tag="490"><subfield code="a">Preprint Series In Theoretical Physics</subfield></datafield><datafield ind1=" " ind2=" " tag="852"><subfield code="a">28798</subfield><subfield code="c">539.14</subfield></datafield><datafield ind1=" " ind2=" " tag="CAT"><subfield code="a">Sys</subfield><subfield code="c">20120327</subfield><subfield code="h">102335</subfield></datafield></record></collection>